@INPROCEEDINGS{345378, 
	author={S. K. Wilson and R. E. Khayata and J. M. Cioffi}, 
	booktitle={Proceedings of IEEE Vehicular Technology Conference (VTC)}, 
	title={16 QAM modulation with orthogonal frequency division multiplexing in a Rayleigh-fading environment}, 
	year={1994}, 
	volume={}, 
	number={}, 
	pages={1660-1664 vol.3}, 
	keywords={Rayleigh channels;autoregressive processes;digital radio;diversity reception;error statistics;fading;frequency division multiplexing;indoor radio;land mobile radio;quadrature amplitude modulation;16 QAM modulation;25 Mbit/s;OFDM;Rayleigh-fading environment;error probability;error propagation;indoor wireless system;modulation scheme;multi-amplitude bit rate schemes;orthogonal frequency division multiplexing;rotationally-invariant 16 QAM constellations;simulation;symbol error rate;training symbols;wireless channel;Bit rate;Digital audio broadcasting;Error analysis;Fading;Frequency modulation;Intersymbol interference;OFDM modulation;Phase estimation;Quadrature amplitude modulation;Rayleigh channels}, 
	doi={10.1109/VETEC.1994.345378}, 
	ISSN={1090-3038}, 
	month={Jun},}
@ARTICLE{93100, 
	author={J. S. Chow and J. C. Tu and J. M. Cioffi}, 
	journal={IEEE Journal on Selected Areas in Communications}, 
	title={A discrete multitone transceiver system for HDSL applications}, 
	year={1991}, 
	volume={9}, 
	number={6}, 
	pages={895-908}, 
	keywords={digital communication systems;equalisers;subscriber loops;transceivers;1.6 Mbit/s;640 Hz;HDSL;algorithms;carrier serving area;data rate;data transmission;discrete multitone transceiver system;error rate;finite impulse response equaliser;high bit rate digital subscriber line;receiver;sampling rate;transmitter;twisted pair;Bit rate;DSL;Data communication;Equalizers;Error analysis;Finite impulse response filter;OFDM modulation;Sampling methods;Transceivers;Transmitters}, 
	doi={10.1109/49.93100}, 
	ISSN={0733-8716}, 
	month={Aug},}
@ARTICLE{1096357, 
	author={L. Cimini}, 
	journal={IEEE Transactions on Communications}, 
	title={Analysis and Simulation of a Digital Mobile Channel Using Orthogonal Frequency Division Multiplexing}, 
	year={1985}, 
	volume={33}, 
	number={7}, 
	pages={665-675}, 
	keywords={Digital communications;Frequency-division multiplexing (FDM);Land mobile radio interference;Multipath channels;Analytical models;Frequency;Interchannel interference;Mobile communication;OFDM;Protection;Rayleigh channels;Rayleigh scattering;Speech;Vehicles}, 
	doi={10.1109/TCOM.1985.1096357}, 
	ISSN={0090-6778}, 
	month={Jul},}
@ARTICLE{1089889, 
	author={R. Chang and R. Gibby}, 
	journal={IEEE Transactions on Communication Technology}, 
	title={A Theoretical Study of Performance of an Orthogonal Multiplexing Data Transmission Scheme}, 
	year={1968}, 
	volume={16}, 
	number={4}, 
	pages={529-540}, 
	keywords={Closed-form solution;Data communication;Degradation;Filters;Intersymbol interference;OFDM;Operating systems;Performance analysis;Phase distortion;Sampling methods}, 
	doi={10.1109/TCOM.1968.1089889}, 
	ISSN={0018-9332}, 
	month={August},}
@ARTICLE{911445, 
	author={Ye Li and L. J. Cimini}, 
	journal={IEEE Transactions on Communications}, 
	title={Bounds on the interchannel interference of OFDM in time-varying impairments}, 
	year={2001}, 
	volume={49}, 
	number={3}, 
	pages={401-404}, 
	keywords={Doppler effect;OFDM modulation;adjacent channel interference;time-varying channels;Doppler spectrum variance;Doppler spread;OFDM signal;OFDM symbol duration;exact ICI expressions;interchannel interference;maximum Doppler frequency;mobile wireless channel;orthogonal frequency-division multiplexing;tight bound;time-varying channels;time-varying impairments;universal bound;Additive noise;Bandwidth;Degradation;Fading;Frequency division multiplexing;Interchannel interference;Intersymbol interference;OFDM;Stochastic processes;Time-varying channels}, 
	doi={10.1109/26.911445}, 
	ISSN={0090-6778}, 
	month={Mar},}
@ARTICLE{1090705, 
	author={S. Weinstein and P. Ebert}, 
	journal={IEEE Transactions on Communication Technology}, 
	title={Data Transmission by Frequency-Division Multiplexing Using the Discrete Fourier Transform}, 
	year={1971}, 
	volume={19}, 
	number={5}, 
	pages={628-634}, 
	keywords={Bandwidth;Communications technology;Data communication;Demodulation;Discrete Fourier transforms;Fast Fourier transforms;Fourier transforms;Frequency division multiplexing;Military computing;Oscillators}, 
	doi={10.1109/TCOM.1971.1090705}, 
	ISSN={0018-9332}, 
	month={October},}
@ARTICLE{54342, 
	author={J. A. C. Bingham}, 
	journal={IEEE Communications Magazine}, 
	title={Multicarrier modulation for data transmission: an idea whose time has come}, 
	year={1990}, 
	volume={28}, 
	number={5}, 
	pages={5-14}, 
	keywords={data communication systems;encoding;frequency division multiplexing;modulation;channel impairments;coding;data transmission;duplex operation;frequency division multiplexing;general switched telephone network;multicarrier modulation;undistorted channel;Amplitude modulation;Bandwidth;Data communication;Filtering;Filters;Frequency division multiplexing;Modems;Quadrature amplitude modulation;Signal processing}, 
	doi={10.1109/35.54342}, 
	ISSN={0163-6804}, 
	month={May},}
@INPROCEEDINGS{513417, 
	author={T. Pollet and P. Spruyt and M. Moeneclaey}, 
	booktitle={1994 IEEE GLOBECOM. Communications: The Global Bridge}, 
	title={The BER performance of OFDM systems using non-synchronized sampling}, 
	year={1994}, 
	volume={}, 
	number={}, 
	pages={253-257 vol.1}, 
	keywords={clocks;digital communication;error statistics;frequency division multiplexing;receivers;signal sampling;transmitters;BER degradation;BER performance;OFDM systems;anti-aliasing filtered signal;carrier information;digital receivers;fixed free-running clock;frequency offset;nonsynchronized sampling systems;post-processing;received continuous-time signal;receiver clock;remote transmit clock;sampling clock;synchronized sampling systems;timing correction;timing information;transmitter clock;Bit error rate;Clocks;Degradation;Frequency synchronization;OFDM;Quadrature amplitude modulation;Sampling methods;Timing;Transmitters;Voltage control}, 
	doi={10.1109/GLOCOM.1994.513417}, 
	ISSN={}, 
	month={Nov},}
@INPROCEEDINGS{64008, 
	author={J. C. Rault and D. Castelain and B. L. Le Floch}, 
	booktitle={Global Telecommunications Conference and Exhibition 'Communications Technology for the 1990s and Beyond' (GLOBECOM), 1989. IEEE}, 
	title={The coded orthogonal frequency division multiplexing (COFDM) technique, and its application to digital radio broadcasting towards mobile receivers}, 
	year={1989}, 
	volume={}, 
	number={}, 
	pages={428-432 vol.1}, 
	keywords={digital radio systems;frequency division multiplexing;mobile radio systems;radio broadcasting;radio receivers;telecommunication channels;5.6 Mbit/s;7 MHz;EUREKA 147 project;coded orthogonal frequency division multiplexing;convolutional coding scheme;digital radio broadcasting;mobile receivers;selective Rayleigh channel;wideband transmission;Computational complexity;Convolutional codes;Decoding;Digital audio broadcasting;Multipath channels;OFDM;Radio broadcasting;Rayleigh channels;Viterbi algorithm;Wideband}, 
	doi={10.1109/GLOCOM.1989.64008}, 
	ISSN={}, 
	month={Nov},}
@ARTICLE{350382, 
	author={H. Sari and G. Karam and I. Jeanclaude}, 
	journal={IEEE Communications Magazine}, 
	title={Transmission techniques for digital terrestrial TV broadcasting}, 
	year={1995}, 
	volume={33}, 
	number={2}, 
	pages={100-109}, 
	keywords={channel coding;digital television;equalisers;frequency division multiplexing;frequency-domain analysis;interleaved codes;synchronisation;television broadcasting;OFDM signaling;carrier synchronisation;channel coding;coded-OFDM;digital terrestrial TV broadcasting;frequency-domain equalization;frequency-domain interleaving;single-carrier transmission;transmission techniques;Cable TV;Equalizers;Europe;Frequency domain analysis;OFDM;Quadrature amplitude modulation;Satellite broadcasting;Standardization;TV broadcasting;Transmitters}, 
	doi={10.1109/35.350382}, 
	ISSN={0163-6804}, 
	month={Feb},}
@BOOK{ Hay02,
	author = {Symon Haykin},
	title = {Adaptive Filter Theory},
	edition = {Fourth},
	year = {2002},
	publisher = {Prentice Hall},
	address = {Upper Saddle River, New Jersey},}
@ARTICLE{1457566, 
	author={S. U. H. Qureshi}, 
	journal={Proceedings of the IEEE}, 
	title={Adaptive equalization}, 
	year={1985}, 
	volume={73}, 
	number={9}, 
	pages={1349-1387}, 
	keywords={Adaptive equalizers;Adaptive filters;Data communication;Intersymbol interference;Least squares approximation;Signal processing;Steady-state;System identification;Telephony;Timing}, 
	doi={10.1109/PROC.1985.13298}, 
	ISSN={0018-9219}, 
	month={Sept},}
@INPROCEEDINGS{686606, 
	author={M. V. Clark}, 
	booktitle={Vehicular Technology Conference, 1998. VTC 98. 48th IEEE}, 
	title={Adaptive frequency-domain equalization and diversity combining for broadband wireless communications}, 
	year={1998}, 
	volume={1}, 
	number={}, 
	pages={409-413 vol.1}, 
	keywords={Rayleigh channels;adaptive equalisers;adaptive signal processing;broadband networks;convergence of numerical methods;delays;diversity reception;fading;frequency-domain analysis;least mean squares methods;multipath channels;quadrature phase shift keying;radio networks;tracking;2-branch RLS equalizer;8 Mbit/s;LMS;QPSK;RMS delay spread;Rayleigh fading multipath channel;adaptive equalizer;adaptive frequency-domain equalization;adaptive processing;broadband wireless communications;convergence;digital signal processing technology;diversity combining;equalizer performance simulation;frequency-selective channel;least mean square;mobile speeds;quaternary phase shift keying;recursive least squares;spatial-frequency domain;tracking;Adaptive equalizers;Diversity reception;Frequency shift keying;Least squares approximation;Least squares methods;Multipath channels;Phase shift keying;Quadrature phase shift keying;Rayleigh channels;Resonance light scattering}, 
	doi={10.1109/VETEC.1998.686606}, 
	ISSN={1090-3038}, 
	month={May},}
@ARTICLE{7600417, 
	author={C. Wei and D. W. Lin}, 
	journal={IEEE Transactions on Vehicular Technology}, 
	title={A Decision-Directed Channel Estimator for OFDM-Based Bursty Vehicular Communication}, 
	year={2017}, 
	volume={66}, 
	number={6}, 
	pages={4938-4953}, 
	keywords={OFDM modulation;channel estimation;fading channels;filtering theory;frequency-domain analysis;multipath channels;vehicular ad hoc networks;wireless LAN;IEEE 802.11p standard;OFDM-based bursty vehicular communication;bursty orthogonal frequency-division multiplexing signal transmission;channel response;data symbols;decision-directed channel estimator;decision-oriented manner;frequency-domain filtering;measurement-based fading multipath V2V channel model;measurement-based fading multipath vehicle-to-vehicle channel;secondary aspect;temporal correlation;temporal processing technique;vehicular environment;Channel estimation;Correlation;Estimation;OFDM;Simulation;Time-frequency analysis;Channel estimation;IEEE 802.11p;low latency;orthogonal frequency-division multiplexing (OFDM);vehicle-to-vehicle (V2V)}, 
	doi={10.1109/TVT.2016.2619490}, 
	ISSN={0018-9545}, 
	month={June},}
@ARTICLE{1055774, 
	author={S. Qureshi}, 
	journal={IEEE Transactions on Information Theory}, 
	title={Fast start-up equalization with periodic training sequences}, 
	year={1977}, 
	volume={23}, 
	number={5}, 
	pages={553-563}, 
	keywords={Adaptive equalizers;Least-squares filters;Convergence;Data communication;Equalizers;Filters;Noise robustness;Quadrature amplitude modulation;Stability;Stochastic resonance;Symmetric matrices;Telephony}, 
	doi={10.1109/TIT.1977.1055774}, 
	ISSN={0018-9448}, 
	month={Sep},}
@ARTICLE{995852, 
	author={D. Falconer and S. L. Ariyavisitakul and A. Benyamin-Seeyar and B. Eidson}, 
	journal={IEEE Communications Magazine}, 
	title={Frequency domain equalization for single-carrier broadband wireless systems}, 
	year={2002}, 
	volume={40}, 
	number={4}, 
	pages={58-66}, 
	keywords={OFDM modulation;broadband networks;business communication;delays;equalisers;frequency-domain analysis;modems;multipath channels;OFDM;RF impairments;SC radio modems;broadband wireless access;business environments;efficiency;frequency domain equalization;low signal processing complexity;multicarrier solution;multipath delay spread;orthogonal frequency-division multiplexing;power amplifier nonlinearities;radio propagation environments;residential environments;single-carrier broadband wireless systems;single-carrier modulation;Broadband amplifiers;Delay;Frequency division multiplexing;Frequency domain analysis;Intersymbol interference;Modems;OFDM modulation;Power amplifiers;Quadrature amplitude modulation;Telecommunication standards}, 
	doi={10.1109/35.995852}, 
	ISSN={0163-6804}, 
	month={Apr},}
@ARTICLE{86006, 
	author={S. N. Crozier and D. D. Falconer and S. A. Mahmoud}, 
	journal={IEE Proceedings F - Radar and Signal Processing}, 
	title={Least sum of squared errors (LSSE) channel estimation}, 
	year={1991}, 
	volume={138}, 
	number={4}, 
	pages={371-378}, 
	keywords={least squares approximations;telecommunication channels;approximation;channel estimation algorithm;channel estimation errors;channel impulse response;data detectors;least sum of squared errors;training sequence lengths;Communication channels;Least squares methods}, 
	doi={10.1049/ip-f-2.1991.0048}, 
	ISSN={0956-375X}, 
	month={Aug},}
@ARTICLE{1413225, 
	author={D. Schafhuber and G. Matz}, 
	journal={IEEE Transactions on Wireless Communications}, 
	title={MMSE and adaptive prediction of time-varying channels for OFDM systems}, 
	year={2005}, 
	volume={4}, 
	number={2}, 
	pages={593-602}, 
	keywords={OFDM modulation;adaptive modulation;diversity reception;equalisers;least mean squares methods;noise;power control;radio receivers;space-time codes;statistics;telecommunication control;time-varying channels;MMSE;OFDM system;adaptive modulation;adaptive power control;adaptive transmit antenna diversity;antenna combining;channel state information;decision-directed channel predictor;delay-free equalization;discrete Fourier transform;minimum mean-square error channel predictor;noise statistics;orthogonal frequency-division multiplexing;space-time decoding;time-varying channel;Adaptive arrays;Adaptive control;Channel state information;Delay;Diversity reception;Frequency division multiplexing;OFDM;Programmable control;Time-varying channels;Transmitting antennas;Adaptive predictors;channel prediction;equalization;multicarrier modulation;orthogonal frequency-division multiplexing (OFDM);time-varying channels}, 
	doi={10.1109/TWC.2004.843055}, 
	ISSN={1536-1276}, 
	month={March},}
@ARTICLE{1164950, 
	author={E. Eleftheriou and D. Falconer}, 
	journal={IEEE Transactions on Acoustics, Speech, and Signal Processing}, 
	title={Tracking properties and steady-state performance of RLS adaptive filter algorithms}, 
	year={1986}, 
	volume={34}, 
	number={5}, 
	pages={1097-1110}, 
	keywords={Adaptive filters;Adaptive signal processing;Cost function;Least squares approximation;Least squares methods;Mean square error methods;Resonance light scattering;Signal processing algorithms;Statistics;Steady-state}, 
	doi={10.1109/TASSP.1986.1164950}, 
	ISSN={0096-3518}, 
	month={Oct},}
@BOOK{Jer00,
      author={Michel C. Jeruchim, Philip Balaban and K. Sam Shanmugan},
      title={Simulation of Communication Systems Modeling, Methodology and Techniques},
      edition={Second},
      year={2000},
      publisher={Kluwer Academic/Plenum Publishers},
      address={233 Spring Street, New York, N.Y. 10013},
}
@ARTICLE{6779222, 
	author={R. H. Clarke}, 
	journal={The Bell System Technical Journal}, 
	title={A statistical theory of mobile-radio reception}, 
	year={1968}, 
	volume={47}, 
	number={6}, 
	pages={957-1000}, 
	keywords={}, 
	doi={10.1002/j.1538-7305.1968.tb00069.x}, 
	ISSN={0005-8580}, 
	month={July},}
@ARTICLE{219243, 
	author={P. Dent and G. E. Bottomley and T. Croft}, 
	journal={Electronics Letters}, 
	title={Jakes fading model revisited}, 
	year={1993}, 
	volume={29}, 
	number={13}, 
	pages={1162-1163}, 
	keywords={fading;modelling;radiowave propagation;Jakes fading model;deterministic method;time-correlated Rayleigh fading;waveform simulation}, 
	doi={10.1049/el:19930777}, 
	ISSN={0013-5194}, 
	month={June},}
@ARTICLE{Sklar97-1, 
	author={B. Sklar}, 
	journal={IEEE Communications Magazine}, 
	title={Rayleigh fading channels in mobile digital communication systems .I. Characterization}, 
	year={1997}, 
	volume={35}, 
	number={7}, 
	pages={90-100}, 
	keywords={Rayleigh channels;UHF radio propagation;cellular radio;digital radio;fading;land mobile radio;personal communication networks;tropospheric electromagnetic wave propagation;3 to 30 MHz;300 MHz to 3 GHz;HF band;Rayleigh fading;Rayleigh fading channels;SHF band;UHF band;cellular communication systems;degradation;fading effects;frequency bands;high frequency band;ionospheric channels;ionospheric communications;mobile digital communication systems;mobile radio system;over the horizon communications;personal communication systems;superhigh frequency;tropospheric channels;tropospheric scatter;ultrahigh frequency;Degradation;Digital communication;Electromagnetic scattering;Fading;Frequency;Land mobile radio;Large-scale systems;Mobile communication;Personal communication networks;Radio transmitters;Rayleigh channels;Rayleigh scattering;Receivers;Surface waves}, 
	doi={10.1109/35.601747}, 
	ISSN={0163-6804}, 
	month={Jul},}
@ARTICLE{Sklar97-2, 
	author={B. Sklar}, 
	journal={IEEE Communications Magazine}, 
	title={Rayleigh fading channels in mobile digital communication systems .II. Mitigation}, 
	year={1997}, 
	volume={35}, 
	number={7}, 
	pages={102-109}, 
	keywords={Rayleigh channels;adaptive equalisers;cellular radio;code division multiple access;digital radio;fading;land mobile radio;maximum likelihood estimation;pseudonoise codes;radio receivers;spread spectrum communication;telecommunication standards;CDMA systems;GSM;Global System for MobiIe Communication;IS-95;Interim Standard 95;RAKE receiver;Rayleigh fading channels;Viterbi equalizer;communication channel;degradation effects;direct sequence spread spectrum systems;mitigation techniques;mobile digital communication systems;Communication channels;Degradation;Digital communication;Equalizers;Fading;GSM;Multiaccess communication;Multipath channels;Rayleigh channels;Viterbi algorithm}, 
	doi={10.1109/35.601748}, 
	ISSN={0163-6804}, 
	month={Jul},}
@INBOOK{Jakes74, 
	author={William C. Jakes}, 
	booktitle={Microwave Mobile Communications}, 
	title={Multipath Interference}, 
	year={1974}, 
	volume={}, 
	number={}, 
	pages={656-}, 
	keywords={}, 
	doi={10.1109/9780470545287.ch1}, 
	ISSN={}, 
	publisher={Wiley-IEEE Press}, 
	isbn={9780470545287}, 
	url={https://ieeexplore-ieee-org.ezproxy.lib.monash.edu.au/xpl/articleDetails.jsp?arnumber=5263390},}
@INPROCEEDINGS{7876141, 
	author={G. Kongara and J. Armstrong}, 
	booktitle={2017 International Conference on Computing, Networking and Communications (ICNC)}, 
	title={Performance evaluation of PCC OFDM on a software defined radio platform}, 
	year={2017}, 
	volume={}, 
	number={}, 
	pages={287-292}, 
	keywords={OFDM modulation;delays;field programmable gate arrays;performance evaluation;software radio;FPGA based software defined radio platform;National Instruments;PCC OFDM;PCC-OFDM;carrier frequency offset;conventional cyclic prefix orthogonal frequency division multiplexing;performance evaluation;polynomial cancellation coded systems;receive signal processing algorithm;software defined radio platform;universal software radio peripheral;Field programmable gate arrays;Frequency division multiplexing;Hardware;OFDM;Receivers;Synchronization;Wireless communication}, 
	doi={10.1109/ICCNC.2017.7876141}, 
	ISSN={}, 
	month={Jan},}

@ARTICLE{Chang66,
	author={R. W. Chang},
	journal={The Bell System Technical Journal},
	title={Synthesis of band-limited orthogonal signals for multichannel data transmission},
	year={1966},
	volume={45},
	number={10},
	pages={1775-1796},
	keywords={},
	doi={10.1002/j.1538-7305.1966.tb02435.x},
	ISSN={0005-8580},
	month={Dec},}

@Inbook{Rao2010,
author="Rao, K. R.
and Kim, D. N.
and Hwang, J. J.",
title="Discrete Fourier Transform",
bookTitle="Fast Fourier Transform - Algorithms and Applications",
year="2010",
publisher="Springer Netherlands",
address="Dordrecht",
pages="5--40",
abstract="The DFT and IDFT can be defined as follows.",
isbn="978-1-4020-6629-0",
doi="10.1007/978-1-4020-6629-0_2",
}

@Book{Opp99,
	author="Oppenheim, A. V.
		and Schafer, R. W.",
	title="Discrete-time Signal Processing",
	year="1999",
	publisher="Upper Saddler River, N.J. : Prentice Hall",
	isbn="0137549202",
	Edition="second"
}

@Online{FFTW,
	author="Frigo, M.
		and Johnson, S. G.",
	title="FFTW",
	url="http://www.fftw.org/",
	note="[accessed 2018-09-12]"
}

@Article{IskMATLAB,
	author="Cyril-Daniel Iskander",
	title="A MATLAB-based Object-Oriented Approach to Multipath channel Simulation"
}
@Book{Goldsmith05,
	author="Andrea Goldsmith",
	title="Wireless Communication",
	publisher="Cambridge ; New York : Cambridge University Press",
	year="2005"
}

@Online{MathWorldConvolutionTheorem,
	author="Weisstein, Eric W.",
	title="Convolution Theorem",
	url="http://mathworld.wolfram.com/ConvolutionTheorem.html",
	note="From MathWorld--A Wolfram Web Resource. [accessed 2018-09-17]"
}

@Book{Sklar01,
	author="Bernard Sklar",
	title="Digital Communications: Fundamentals and Applications",
	publisher="Upper Saddle River, N.J. : Prentice Hall PTR ; London : Prentice-Hall International UK",
	Year="2001 ",	
	edition="second",
	isbn="0130847887"
}
@ARTICLE{Hata80, 
author={M. Hata}, 
journal={IEEE Transactions on Vehicular Technology}, 
title={Empirical formula for propagation loss in land mobile radio services}, 
year={1980}, 
volume={29}, 
number={3}, 
pages={317-325}, 
keywords={Propagation losses;Land mobile radio;Antennas and propagation;Receiving antennas;Prediction methods;Dipole antennas;Enterprise resource planning;Frequency;Urban areas;Base stations}, 
doi={10.1109/T-VT.1980.23859}, 
ISSN={0018-9545}, 
month={Aug},}

@misc{COST231,
	title="COST-231, Urban Transmission Loss Models for Mobile Radio in the 900MHz and 1800MHz Bands",
	note="rev. 2, (1991)",
	revision="second",
	published="1991"
}

@ARTICLE{Bello63, 
author={P. Bello}, 
journal={IEEE Transactions on Communications Systems}, 
title={Characterization of Randomly Time-Variant Linear Channels}, 
year={1963}, 
volume={11}, 
number={4}, 
pages={360-393}, 
keywords={Nonlinear filters;Time varying systems;Scattering;Time frequency analysis;Radar;Fourier transforms;Bandwidth;Sampling methods;Subcontracting;Delay}, 
doi={10.1109/TCOM.1963.1088793}, 
ISSN={0096-1965}, 
month={December},}

@ARTICLE{Clarke68, 
author={R. H. Clarke}, 
journal={The Bell System Technical Journal}, 
title={A statistical theory of mobile-radio reception}, 
year={1968}, 
volume={47}, 
number={6}, 
pages={957-1000}, 
keywords={}, 
doi={10.1002/j.1538-7305.1968.tb00069.x}, 
ISSN={0005-8580}, 
month={July},}

@ARTICLE{Amoroso96, 
author={F. Amoroso}, 
journal={IEEE Personal Communications}, 
title={Use of DS/SS signaling to mitigate Rayleigh fading in a dense scatterer environment}, 
year={1996}, 
volume={3}, 
number={2}, 
pages={52-61}, 
keywords={pseudonoise codes;spread spectrum communication;land mobile radio;radiofrequency interference;electromagnetic wave scattering;radiowave propagation;fading;Rayleigh channels;intersymbol interference;differential phase shift keying;error statistics;multipath channels;matched filters;adaptive filters;filtering theory;Rayleigh fading;dense scatterer environment;DS/SS signaling;DS/SS link architecture;chip interval;RMS delay spread;intersymbol interference;symbol duration;fast moving antenna platform;coherent symbol correlation;irreducible error rate;mean bit error rates;probabilistic means;maximum error rate;antenna locations;chip stream;adaptive chip matched filter;chip pulse shape;mean chip arrival time;symbol detection;dispersion;received power;DPSK signalling;multipath;Rayleigh channels;Delay effects;Error analysis;Pulse shaping methods;Rayleigh scattering;Intersymbol interference;Bit error rate;Adaptive filters;Shape;Adaptive arrays}, 
doi={10.1109/98.490752}, 
ISSN={1070-9916}, 
month={April},}

@TECHREPORT{Iskander,
author="Cyril-Daniel Iskander",
TITLE="White Paper: A MATLAB based Object Oriented Approach to Multipath Fading Channel Simulation",
INSTITUTION="Hi-Tek Multisystems",
ADDRESS="7945 Avenue de Cornouailles, Quebec, QC, Canada, G1H 3V9",
CONTACT="ciril_iskander@hotmail.com"
}

@Book{Sayed03,
Author="Ali H. Sayed",
Title="Fundamentals of Adaptive Filtering",
Publisher="New York: IEEE Press Wiley-Interscience",
Year="2003",
isbn="0471461261"
}

@Online{USRPDiagram,
	author="Frigo, M.
		and Johnson, S. G.",
	title="USRP-2943 40 MHz Block Diagram",
	url="http://www.ni.com/documentation/en/usrp-software-defined-radio-reconfigurable-device/latest/usrp-2943-40mhz/block-diagram/",
	note="[accessed 2018-09-27]"
}
